4522 6072
501 439 548 499 tv
798 387 801 394 ⁴
1040 377 1526 513 <transtro
2007 443 2047 494 a

499 530 1048 554 ’wc-mm
1058 533 1852 562 --ι-υι-ηι--ιῆ--ι--ΜἫ
1859 530 2126 558 m

493 563 580 676 stra
600 561 850 674 surtafrodt'r
875 592 963 665 eru,
993 592 1036 646 ot
1053 563 1161 650 trun
1191 564 1340 651 tidr'adt
1368 565 1454 651 uita
1478 573 1523 652 oi
1554 563 1594 648 T
1587 565 1777 678 priscos
1797 565 2002 677 Aſsamean
2021 567 2128 680 ‘bag-

505 675 716 759 dtt-rrordr
744 676 853 776 laud,
882 675 986 786 stosz
1011 673 1079 760 isra
1101 693 1230 785 tango
1248 675 1322 789 su,
1352 704 1396 762 er
1417 678 1531 785 fidon
1556 679 1678 790 atra'f
1701 683 1842 764 amoll
1868 679 1970 768 lond.
2020 670 2128 768 For-

505 788 647 872 modur
677 785 802 900 thaffu
822 787 936 899 fusis
965 785 1045 875 tter
1069 787 1226 887 ΟΜΝ,
1260 817 1305 874 cr
1332 817 1442 874 maan
1472 789 1566 876 talia
1597 807 1713 878 atter
1741 789 1812 879 tid.
1867 794 1892 876 i.
1910 821 1945 878 e.
1976 790 2128 880 Omni·
2255 815 2256 830 ¹

505 903 603 1001 bus,
632 901 771 1012 quiin
801 902 979 1013 antiquis
1008 899 1405 1016 memoriisversati
1434 898 1542 1002 sunt,
1581 905 1773 1017 apprime
1800 903 1977 1006 constat,
2014 905 2130 1016 quod

507 1013 662 1099 Turcae
691 1009 734 1098 dt
763 1010 903 1097 Afiani
934 1011 1252 1128 septentrionem
1277 1011 1544 1099 incoluerint:
1585 1014 1679 1099 hinc
1707 1013 1777 1100 illa
1807 1014 1944 1128 lingua
1973 1037 2128 1102 exorta

509 1123 584 1224 est,
614 1150 711 1236 quae
741 1123 936 1238 deinceps
966 1152 1043 1238 per
1072 1151 1218 1208 omnes
1246 1127 1440 1236 regiones
1471 1123 1509 1209 se
1539 1126 1733 1242 dispersit,
1788 1125 2128 1242 Princeps'islius

487 1231 764 1350 'popuii'suit
793 1233 1014 1336 Ouium,
1043 1235 1094 1350 ad
1124 1264 1249 1350 quem
1278 1235 1432 1350 posteri
1461 1251 1591 1350 genus
1615 1235 1824 1353 referunt.⁴
2044 1261 2046 1268 ⁴

620 1375 921 1490 Subjungimus
950 1379 1228 1464 testimonium
1251 1375 1491 1489 Rimdegloe,
1518 1380 1630 1508 quod
1662 1409 1723 1480 ex
1748 1382 2038 1497 ,manuscripto
2057 1415 2130 1469 cos

502 1487 600 1602 ,dice
628 1485 751 1574 affert
784 1493 847 1574 vir
875 1489 1160 1576 eruditissimus
1192 1489 1515 1580 Tuoanronus
1550 1491 1795 1598 sont-unus
1832 1499 1877 1580 in-
1907 1488 2023 1584 Serta
2047 1495 2129 1590 Rr'-

505 1625 604 1712 garn
633 1599 786 1700 Duut'oe
819 1629 915 1716 pag.
945 1617 1033 1709 148.
1084 1599 1296 1715 ‚Uppsrof
1317 1603 1423 1688 adra
1449 1584 1662 1802 fipsugaa
1686 1606 1707 1694 't'
1734 1601 1940 1694 Norra'rn‘
1974 1623 2129 1719 tanga,

499 1712 642 1801 'tiatira
669 1742 713 1798 er
732 1713 937 1825 farnandi
954 1713 1119 1827 spsgt‘a,
1151 1713 1270 1826 lreszt
1305 1713 1377 1800 tlru
1410 1743 1455 1800 er
1522 1716 1639 1829 prdit·
1668 1745 1713 1803 ot
1746 1715 1951 1826 Aſsaracon
1990 1718 2151 1832 tagra.

501 1823 692 1911 ‘nordrsts
721 1823 761 1912 h.
778 1857 811 1912 e.
838 1813 1094 1940 Principium
1122 1829 1309 1912 omnium
1339 1825 1665 1918 historiarumin
1694 1827 1835 1944 lingua
1865 1829 2143 1942 Norvegica,·

504 1963 606 2051 quae
636 1940 748 2024 veris
777 1935 1047 2024 relationibus
1076 1941 1322 2038 innituntur,
1353 1941 1497 2052 incipit
1524 1941 1656 2040 abeo
1682 1959 1896 2062 tempore,
1912 1969 1999 2059 quo
2020 1942 2152 2030 Tur·'

510 2077 573 2134 cae
601 2049 646 2138 δι
675 2049 817 2136 Asiani
845 2049 1167 2164 septentrionem
1195 2049 1469 2136 incoluerunt.
1526 2059 1530 2078 ²
1628 2069 1632 2076 “
1876 2049 1898 2106 '2
1995 2054 2001 2066 ’
2036 2130 2040 2141 ⁴
2113 2125 2118 2138 .
2154 2047 2176 2088 ²

622 2191 755 2305 Quod
781 2193 946 2278 tradunt
972 2191 1216 2308 Scriptores
1246 2191 1546 2296 manditque}
1570 2193 1665 2282 inde
1693 2193 1985 2302 confirmatur,
2013 2177 2131 2314 quod

508 2311 553 2393 in
576 2304 656 2391 iilis
685 2307 798 2391 orbis
828 2307 1035 2418 partibus,
1063 2305 1174 2392 unde
1190 2303 1391 2393 Omnes
1420 2305 1635 2420 profectus
1663 2329 1769 2408 erat,
1799 2339 1843 2394 re
1876 2311 2038 2395 ionibus
2066 2315 2132 2396 in·

504 2445 640 2533 quam
658 2417 902 2520 Tanaiticis,
931 2443 1053 2530 aeque
1082 2447 1130 2500 ac
1148 2416 1332 2504 Taurica
1360 2415 1635 2520 Chersoneso,
1663 2419 1829 2520 Dacia,
1895 2422 1994 2507 cesta
2022 2425 2129 2508 viti-

509 2533 573 2617 nis
606 2560 657 2616 ue
686 2527 883 2616 trasiibus
910 2527 1053 2642 lingua
1081 2527 1281 2630 Gothico,
1308 2532 1469 2643 absque
1502 2531 1628 2616 dubio
1659 2532 1911 2636 obtinuerat,
1941 2534 1982 2620 id
2009 2534 2127 2648 quod

576 2556 897 2754 srolegomenis
925 2638 1125 2754 Gsoffart‘r'
1151 2636 1404 2752 Suiogotlricr'
1434 2640 1630 2770 pluribus
1647 2641 1918 2739 ostendimus.
1962 2755 1965 2762 Ι

572 2793 576 2802 ’
622 2786 848 2918 Postquam
876 2788 932 2870 ita
962 2785 1353 2888 demonstravimus,
1384 2783 1568 2898 linguam
1584 2783 1809 2872 Gothicam
1838 2817 1934 2874 cum
1956 2785 2130 2878 Onruo

508 2898 595 2986 buc
622 2895 891 3012 immrgrasse,
930 2897 975 2986 bt
1006 2897 1235 2983 eorundem
1262 2896 1640 3006 jam'laudatorum
1670 2895 1937 3012 Scriptorum
1964 2899 2130 2988 issandis
2255 3007 2256 3012 Ν

505 3035 660 3097 ¹corum
688 3011 770 3096 fide
795 3009 971 3110 constat,
1000 3006 1192 3123 reperisse
1222 3007 1462 3110 Omnem,
1490 3012 1533 3094 in
1559 3009 1880 3096 Scandinaviam
1907 3013 2132 3098 adv-enien-

510 3143 627 3224 tem,
661 3121 926 3222 constitutum
955 3121 1199 3234 imperium,
1235 3147 1379 3234 regem
1415 3119 1680 3234 subditosque
1709 3121 1753 3209 &
1782 3119 1859 3208 hos
1888 3121 2046 3208 diverso
2077 3125 2130 3208 ab

512 3233 734 3322 Odiaianis
763 3233 950 3319 sermone
977 3250 1160 3334 utentes,
1187 3233 1310 3317 restat
1332 3253 1379 3318 ut
1397 3231 1713 3346 investigemus,
1743 3259 1830 3347 quo
1856 3232 2037 3350 ioquelae
2057 3251 2131 3347 gea

510 3373 613 3434 nere
642 3344 763 3461 prisci
787 3345 830 3430 hi
855 3346 1059 3459 indigenae
1089 3345 1146 3429 usi
1172 3341 1341 3431 fuerint
1869 3367 1872 3372 ·

626 3488 727 3578 Scio
757 3489 970 3602 equidem,
1007 3509 1053 3574 ut
1083 3487 1125 3573 id
1160 3485 1345 3576 velutin
1375 3485 1607 3573 transcursu
1644 3511 1865 3590 moneam,
1908 3482 1988 3575 esse
2023 3491 2134 3577 inter

513 3601 824 3734 eruditos,‚qui
860 3603 981 3686 nobis
1017 3599 1259 3715 persuadere
1292 3597 1443 3702 velint,
1481 3602 1755 3686 mutationem
1792 3601 1968 3714 linguae,
2001 3629 2132 3714 quant
2255 3605 2256 3672 Γ

508 2647 553 2730 in

509 3713 792 3802 introduxerit
814 3712 1033 3814 omnus,
1063 3741 1149 3798 non
1176 3711 1291 3798 fuisse
1318 3711 1527 3798 idiomatis
1554 3713 1595 3796 in
1615 3708 1745 3812 aliud,
1773 3708 1840 3798 sed
1861 3711 2022 3802 diatetti
2040 3733 2132 3814 tan,
2255 3721 2256 3726 '

512 3827 733 3914 tummodo
761 3831 803 3912 sn
823 3821 1064 3926 dialestum,
1083 3843 1130 3910 ut
1157 3823 1263 3910 adeo
1291 3823 1392 3910 nihil
1421 3821 1625 3939 impedire
1656 3824 1927 3930 arbitrentur,
1943 3853 2028 3940 quo
2052 3829 2132 3911 mi-

511 3967 590 4026 nus
620 3937 902 4042 affirmemus,
926 3939 967 4020 in
998 3935 1293 4051 Septentrione
1321 3935 1463 4022 nostro
1494 3931 1758 4023 Gothismum
1787 3933 1902 4024 fuisse
1932 3935 2132 4052 quamdin
2255 3959 2256 3964 ‘

512 4050 716 4146 homines,
772 4049 860 4140 Sed
880 4078 934 4134 ne
964 4046 1059 4133 huic
1092 4045 1575 4162 opinionisubscribam,
1611 4074 1697 4132 non
1727 4073 1859 4161 pauca
1893 4047 1999 4150 sunt,
2033 4077 2133 4163 quae

484 4162 776 4260 ‚diss'vadeant
829 4160 879 4246 In
898 4162 1044 4277 primis
1063 4157 1279 4250 verisimile
1306 4158 1407 4244 mihi
1435 4187 1520 4244 non
1535 4157 1719 4270 videtur,
1747 4157 2020 4248 stleviculam
2041 4183 2132 4247 tart·
2255 4263 2256 4268 Ν

513 4294 604 4361 tum
629 4277 926 4375 mutationem,
958 4293 1029 4358 aut
1059 4272 1102 4358 in
1133 4271 1429 4387 pronuntiandi
1459 4269 1588 4357 modo
1623 4293 1697 4356 aut
1725 4271 2031 4360 vocabulorum
2058 4271 2133 4360 fle-

512 4391 645 4474 xione
679 4384 750 4476 vei
787 4385 1097 4486 terminatione,
1133 4382 1267 4498 qualis
1297 4379 1376 4470 esse
1410 4381 1511 4470 solet
1547 4381 1798 4470 diversarum
1837 4383 2130 4489 dialestorum,

500 4493 691 4592 'causata
723 4497 820 4590 esset
856 4496 949 4596 haec
984 4497 1237 4590 advenarum
1272 4497 1414 4606 turba,
1446 4491 1687 4618 Scriptores
1728 4493 1947 4588 silandicus
1983 4525 2132 4613 operae
2255 4499 2256 4502 ‘

1016 4661 1020 4670 ·
1868 4651 1874 4662 '
2031 4632 2131 4726 Ple*
