4522 6072
543 499 603 560 n
1133 475 1571 564 PRAEFATIQ

1881 585 2157 621 una-hunnu-

565 657 570 668 ·
641 623 764 724 Mor,
790 651 906 708 maor
922 624 1170 739 laapponice
1192 629 1388 712 arborem
1404 627 1629 740 lignificare
1647 629 1793 714 videns
1813 619 2060 734 (eraantu
2074 629 2162 716 No-

543 731 824 848 mentidcpp.
843 762 882 850 p.
893 739 1007 842 600)
1027 735 1219 932 l'ul'ssicari
1233 735 1344 822 illico
1362 741 1488 852 coepi,
1506 765 1601 823 cum
1619 740 1660 822 in
1680 741 1808 825 variis
1825 737 1975 851 linguis
1995 743 2162 825 arbores

542 845 658 933 filvae
689 876 743 932 ue
767 850 1006 934 communia
1036 845 1088 934 ba
1118 867 1217 934 eant
1238 850 1428 951 nomina,
1455 869 1502 934 ut
1522 875 1592 933 ex.
1616 875 1678 962 gr.
1696 847 1769 939 W
1765 848 2018 960 edlignum,
2047 852 2162 936 arbo-

543 987 634 1044 rem
733 956 849 1043 simul
873 956 1030 1044 filvam
1056 957 1270 1072 significat,
1305 960 1662 1073 quemadmodum
1694 963 1737 1048 in
1763 958 2002 1063 Finwcdrn,
2036 959 2077 1048 Τ
2073 961 2163 1050 iae-

544 1072 637 1172 den,
654 1066 874 1157 Hdlmadrn
898 1069 978 1156 bac.
995 1067 1089 1175 (cir.
1111 1069 1219 1156 Gall.
1239 1069 1327 1158 bois
1349 1070 1394 1162 bt
1415 1069 1559 1158 Germ.
1574 1069 1691 1174 tola)
1711 1073 1762 1158 ab
1787 1072 1863 1158 bac
1887 1073 2049 1184 origine
2157 1150 2163 1158 .

544 1177 699 1271 venilia
728 1183 897 1266 nomina
919 1179 1124 1267 Paroeciae
1149 1179 1451 1269 Daleltarlenfis
1477 1179 1626 1282 Mora,
1652 1185 1766 1268 urbis
1793 1181 2036 1288 Hrdrmoru,
2062 1101 2164 1271 lea

546 1295 793 1378 ritoriorum
808 1289 1053 1395 Sidonia,
1069 1290 1319 1394 Norrmlrn
1345 1293 1389 1381 ba
1409 1293 1519 1378 forte
1534 1291 1769 1396 Kolnrorcn,
1796 1293 1885 1392 vel,
1901 1297 1962 1380 uti
1977 1296 2060 1404 jam
2078 1291 2164 1380 lere

547 1399 739 1502 effertur,
759 1401 1010 1490 Kolmorden.
1067 1403 1241 1490 Fuerint
1269 1402 1464 1506 sonabis,
1486 1407 1560 1516 qui
1584 1405 1688 1488 banc
1715 1407 2047 1490 oblervationem
2070 1405 2164 1490 inde

546 1513 785 1599 confirmari
807 1514 1085 1614 crediderint.
1099 1517 1215 1712 lm
1240 1517 1446 1600 montium
1467 1515 1548 1598 hoc
1568 1516 1714 1628 jugum
1732 1513 1931 1601 Gothiam
1955 1515 2163 1602 aSvionia

546 1622 955 1739 separanS,Gotbice
978 1628 1081 1711 olim
1130 1623 1432 1738 logentium
1457 1623 1593 1710 tuerit.
1650 1625 1893 1714 Estlcllicet
1917 1625 2031 1722 hinc,
2054 1623 2162 1740 quod

548 1733 728 1838 Gothia,
761 1755 910 1852 utpote
939 1739 1154 1823 meridiem
1185 1735 1387 1852 spedlalrs,
1413 1733 1676 1850 Sunaanskog
1704 1737 1823 1826 ditta.
1840 1737 1989 1842 luerit,
2015 1736 2162 1827 Svecia

548 1869 653 1934 vero
680 1847 737 1934 ad
756 1849 926 1934 boream
951 1849 1065 1934 uerla
1088 1846 1375 1960 Nordanskog.
1978 1903 1982 1911 ·

552 2015 556 2026 ’
662 1985 841 2080 Celebre
857 2021 1012 2078 nomen
1037 1991 1094 2077 est
1110 1990 1366 2079 acidularum
1380 1988 1707 2081 Wermelandiae
1723 1987 1837 2077 Loka
1851 1935 2165 2108 appellabatumr

548 2129 648 2220 quae
671 2129 756 2188 non
781 2101 911 2190 solum
933 2105 1167 2190 bibentibus
1197 2102 1436 2209 iamdudum
1459 2099 1653 2186 salutares
1675 2101 1812 2204 fuere,
1843 2101 1910 2190 led
1933 2107 2058 2190 etiam
2087 2108 2165 2190 cir-

549 2211 738 2302 eumfnlo
757 2215 859 2299 limo
881 2218 970 2303 vim
993 2213 1152 2302 addunt
1173 2219 1313 2302 varios
1337 2215 1622 2300 membrorum
1644 2213 1819 2299 morbos
1844 2213 1889 2302 dt
1914 2211 2163 2329 paralyticas

549 2323 782 2412 debilitates
806 2322 980 2413 lauandi.
1053 2323 1202 2436 Quum
1225 2326 1337 2440 apud
1362 2325 1585 2418 Formosas
1604 2322 1693 2410 Iolla
1718 2323 1873 2424 lutum,
1902 2354 2070 2412 coennm
2096 2327 2161 2412 de·

548 2456 689 2538 notet,
709 2437 821 2550 apud
843 2465 923 2524 nos
944 2463 1052 2526 vero
1077 2441 1236 2550 ignotae
1259 2436 1306 2524 stt
1328 2434 1653 2549 fignificationis3
1685 2435 1901 2549 probabile
1923 2438 2053 2522 videri
2075 2436 2162 2552 pol·

548 2541 628 2649 let,
655 2546 770 2635 Lala
800 2546 905 2655 lilla
936 2549 1119 2636 indicare
1147 2545 1327 2652 sontem,
1353 2544 1438 2662 -q'ui
1466 2547 1722 2658 adjacentem
1749 2545 1898 2638 limum
1928 2547 2162 2636 salutaribus

547 2658 763 2775 particulis
786 2663 1051 2777 impraegnat.
1174 2771 1176 2778 Ι
1572 2665 1583 2716 ἵ

660 2801 776 2892 Inter
797 2803 1067 2920 antiquilbma
1088 2801 1246 2892 Patriae
1274 2799 1483 2918 Emporia
1506 2821 1751 2890 numeratur
1772 2804 1926 2890 merito
1949 2801 2162 2908 Calauria,

548 2935 699 3032 utpote
724 2915 809 3029 jam
838 2912 1203 3006 Sananmsont‘o
1234 2914 1279 3004 dt
1303 2911 1500 3002 Saxont
1529 2912 1886 3003 Gnnmmnrtco
1916 2939 2163 3018 memorata,
2241 2943 2242 2948 ‘

549 3055 628 3114 nec
654 3023 903 3116 Numansr
927 3025 1247 3116 Gaouanuno
1270 3027 1424 3137 ignota.
1488 3025 1590 3112 Huc
1616 3049 1783 3112 exterae
1806 3029 1995 3114 nationes
2021 3031 2162 3114 merci·

549 3142 692 3224 monia
720 3137 789 3226 lua
816 3135 1012 3240 attulere,
1039 3165 1137 3253 quae
1158 3136 1309 3224 deinde
1334 3134 1415 3222 late
1440 3164 1517 3332 fier
1543 3138 1774 3224 universam
1798 3135 1997 3238 Sveciam
2019 3140 2166 3226 diribe«

547 3253 710 3339 bantur.
778 3246 909 3339 Unde
938 3269 1079 3335 autem
1108 3275 1264 3341 nomen
1292 3245 1410 3334 suum
1466 3275 1533 3340 aec
1564 3250 1663 3340 urbs
1697 3253 1923 3444 accesserit,
1958 3255 2184 3366 neminem

547 3359 703 3465 sullle‚·
733 3365 777 3450 ui
800 3361 866 3448 val
891 3357 1097 3456 tolerabili
1115 3358 1350 3471 conjectura
1374 3359 1608 3460 tradiderit,
1635 3359 1747 3446 recte
1771 3390 1796 3443 o
1828 3359 1959 3447 lervat
1975 3361 2161 3449 Praeclar.

546 3469 681 3568 Dom.
699 3387 946 3562 bibliothec.
964 3474 1089 3558 vicar.
1104 3473 1286 3560 linteus
1303 3469 1489 3556 Gdrmu
1516 3473 1558 3557 in
1579 3467 1877 3584 Differtationc
1897 3475 1944 3560 dr,
1959 3469 2161 3563 SiraBi'ri

547 3611 604 3673 cae
626 3613 680 3700 pa
712 3601 780 3686 .8.
835 3580 1063 3698 Postquam
1086 3611 1191 3671 vero
1204 3604 1482 3696 acompertnm
1504 3581 1583 3686 est,
1609 3612 1736 3696 qnam
1761 3581 1875 3672 ardla
1895 3587 1946 3671 fit
1975 3587 2160 3701 cognatio

546 3699 656 3784 inter
680 3612 866 3809 llnguam
882 3694 1172 3807 Hungaricam
1186 3691 1585 3809 Lapponicamqne‚
1612 3701 1735 3808 atque
1753 3721 1811 3780 ex
1827 3693 2161 3813 lexicograpbis

546 3807 653 3908 Han
683 3811 803 3894 aricis
826 3810 1026 3910 certiores
1048 3805 1147 3892 salli
1171 3801 1328 3906 sumus,
1356 3801 1529 3892 Kalmar
1552 3807 1594 3890 in
1625 3803 1702 3890 hac
1726 3799 1870 3920 lingua,
1889 3811 2160 3910 mercatorem

545 3921 575 4006 fi
606 3837 793 4023 uidente,
821 3915 1090 4016 Kalmcraru,
1106 3911 1581 4018 mercem,Kalmardot,
1602 3916 2161 4036 tabernam‚·nonimproba-'

544 3949 634 4142 blle'
650 4031 807 4141 judicat
828 4032 959 4118 modo
982 4029 1172 4116 laudants
1190 4025 1465 4130 Gdrarnus‚
1492 4029 1607 4116 urbis
1631 4028 1931 4140 hujusnomen
1955 4029 2093 4118 locum
2116 4061 2161 4118 ο-4

544 4143 620 4232 litu
645 4139 872 4246 denotafl'e,
900 4167 986 4258 quo
1007 4165 1165 4229 venum
1189 4139 1522 4258 apportabantu'r
1545 4157 1795 4228 exterorum
1817 4145 2099 4254 mercimonia.

659 4285 730 4373 Ab
753 4283 845 4374 aliis
869 4287 951 4374 ‘arn
975 4285 1238 4373 observatum
1267 4283 1345 4389 ell,
1371 4281 1697 4377 Wermelandiae
1711 4297 1894 4386 'nomem
1926 4287 2040 4402 quod
2062 4287 2161 4376 anti·

544 4399 617 4515 qui
633 4395 708 4490 W
703 4425 827 4486 arma
850 4315 1198 4489 dtWaermalnnd
1215 4395 1461 4500 scribebant,
1476 4399 1640 4511 regioni
1664 4397 1807 4484 datum
1826 4395 1963 4502 inille,
1981 4400 2080 4488 dum
2098 4427 2160 4486 re·

542 4539 640 4612 rum
659 4511 961 4632 dominieraat
979 4507 1212 4634 Lappoaea
1228 4508 1556 4652 Femonesque,
1584 4509 1697 4626 apud
1718 4536 1827 4636 quoa
1847 4533 2036 4634 montem
2053 4533 2159 4717 aaz

1858 4727 1873 4782 2
