4522 6072
539 425 590 484 w
1143 398 1584 487 PRAEFATIQ

552 657 759 746 lictorum
787 657 1007 742 memoriae
1035 655 1345 743 commendare.

667 805 817 918 Quum
852 805 995 916 itaque
1030 795 1325 886 notabiliorem
1358 803 1402 902 in
1444 799 1634 896 sermone
1673 800 2030 930 metamorphofln
2066 819 2174 915 haud
2246 807 2253 834 ,

553 923 685 1010 dubie
707 917 888 1002 indicare
915 908 1127 999 voluerint
1156 913 1358 997 nominati
1383 911 1647 1031 ScriptoreS,
1664 925 1845 1036 promillr
1869 955 2097 1038 memores,
2116 941 2173 1024 in.

551 1037 709 1148 dagare
736 1028 1000 1122 conabimur,
1037 1049 1234 1136 quaenam
1262 1021 1390 1110 fuerit
1416 1025 1486 1112 illa
1514 1027 1676 1140 lingua,
1711 1061 1810 1148 quae
1845 1039 1942 1128 orbi
1967 1039 2172 1136 Scandico

554 1143 803 1264 primigenia
830 1154 940 1238 erat,
968 1133 1148 1221 &adeo
1175 1135 1354 1250 periodo
1382 1135 1654 1228 Ounrrnrrn
1682 1150 1893 1258 anterior,

667 1286 826 1400 lndago
852 1278 1022 1396 quidem
1051 1275 1143 1361 haec
1169 1279 1301 1365 cuivis
1328 1307 1412 1365 non
1443 1283 1579 1396 potest
1607 1313 1691 1398 non
1718 1287 1959 1382 difficillima
1983 1299 2173 1409 judicari,

553 1431 685 1522 quum
723 1414 992 1482 monumenta
1032 1389 1220 1474 hiliorica
1257 1419 1336 1478 uos
1375 1397 1541 1588 penitus
1576 1397 1795 1506 deficiant,
1845 1433 1944 1520 quae
1982 1431 2175 1528 tempora

553 1519 673 1604 adeo·
700 1527 863 1599 remota
898 1533 922 1588 e
956 1501 1048 1589 suis
1072 1503 1254 1586 tenebris
1288 1527 1508 1593 evorant:
1551 1512 1673 1595 unica
1710 1511 1781 1600 illa
1817 1517 2064 1626 cynosura,¹
2109 1557 2174 1612 uae

555 1623 709 1745 grellus
737 1618 901 1726 nostros
929 1613 1112 1810 dirigere
1139 1615 1454 1728 quodammodo
1485 1619 1622 1733 poffit,
1646 1627 1743 1710 exi
1776 1625 1815 1713 sa
1841 1627 1997 1744 linguae
2024 1554 2175 1724 nollrae

442 1749 447 1760 '
554 1735 845 1826 constitutione
875 1749 999 1843 peten
1030 1753 1072 1824 a,
1103 1751 1201 1838 quae
1223 1752 1310 1812 non
1335 1752 1432 1813 raro
1454 1731 1496 1813 in
1516 1751 1563 1816 re
1583 1732 1690 1819 adeo
1709 1653 1885 1828 olscura
1909 1740 2046 1831 facem
2067 1777 2176 1864 prae-

554 1851 654 1952 fert,
670 1847 715 1940 bt
730 1842 899 1954 vestigia
918 1838 1218 1950 migrationum
1236 1841 1424 1951 gentium
1443 1842 1696 1957 quibuslibet
1716 1847 1830 1938 fastis
1849 1859 2005 1942 certius
2027 1861 2177 1976 prodit,

539 1996 541 2000 ’
668 1989 769 2080 Hoc
801 1985 970 2082 intuitu,
1008 1979 1035 2067 fi
1066 1975 1250 2094 linguam
1279 1983 1458 2098 patriam
1487 1987 1672 2098 generali
1698 1993 2018 2086 confideretioni
2050 2001 2178 2115 subje-

553 2108 754 2202 cerimus,
783 2094 995 2186 inventuri
1024 2089 1180 2191 lomna,
1205 2113 1369 2211 partem
1399 2093 1508 2182 illius
1536 2099 1670 2186 multo
1698 2108 1931 2212 maximam
1949 2109 2176 2204 Gothicam

555 2220 652 2320 ess'e,
682 2214 765 2304 hoc
793 2209 869 2308 eli,
903 2199 1195 2292 evidentiffime
1223 2224 1446 2318 cognatam
1473 2207 1609 2296 deficis
1632 2214 1718 2320 jam
1746 2215 1930 2308 dialeilis
1959 2223 2175 2342 lllloelogo·

465 2405 470 2414 .
554 2331 699 2426 thicae,
728 2315 1123 2434 AngloSaxonicae,
1152 2315 1459 2414 alemannicae.
1500 2321 1545 2408 dr
1573 2321 1711 2412 adhuc
1742 2333 1983 2442 vigentibus
2014 2339 2178 2428 lllandi·

554 2473 637 2544 cae,
667 2433 953 2536 Germanicae,
981 2424 1185 2543 Belgicae,
1202 2425 1415 2628 Anglicae,
1444 2430 1641 2538 Danicae,
1666 2435 1938 2556 Norvegicae.
1996 2447 2084 2538 Sed
2113 2485 2177 2539 re·

555 2559 766 2674 periemus
794 2547 921 2633 etiam
950 2537 1060 2631 haud
1089 2565 1224 2656 pauca
1250 2543 1350 2642 aia,
1369 2569 1469 2658 quae
1496 2547 1537 2632 in
1568 2546 1653 2634 ullu
1679 2556 1988 2644 nominatarum
2018 2561 2178 2678 lingua·

428 2743 430 2747 ,
553 2696 648 2760 rum
678 2657 924 2776 quidquam,
950 2651 1065 2770 quod
1094 2649 1217 2740 affine
1243 2651 1310 2752 fit,
1338 2683 1423 2739 non
1442 2655 1601 2745 habent.
1659 2659 1772 2751 Haec
1799 2691 1940 2760 autem
1970 2677 2177 2788 posterjo.

552 2777 657 2868 rafi
721 2773 810 2856 lura
837 2767 1009 2866 fuerint,
1038 2763 1066 2852 fi
1096 2763 1243 2852 talium
1272 2794 1414 2851 rerum
1443 2769 1746 2882 appellationes
1775 2777 2067 2890 exhibuerint,
2087 2795 2177 2904 qui,

552 2894 630 2982 bus
660 2802 743 2976 ulla
772 2907 875 2996 gens
903 2875 990 2968 ullo
1027 2895 1221 2990 tempore
1250 2901 1399 2964 carere
1424 2902 1624 2998 nequeat,
1651 2887 1947 2996 (ecclelialiica
1983 2897 2029 2986 ἃ
2060 2901 2174 2990 ter-h-
2252 2963 2253 2970 a

551 3005 645 3096 nica
674 2997 858 3117 quaeviS,
894 2989 1114 3112 peregrina
1143 2989 1433 3091 mercimonia,
1469 2997 1641 3082 exotica
1673 3001 1943 3098 animalia&
1971 3011 2014 3094 id
2044 3041 2176 3128 genus

540 3101 633 3206 'alia
664 3111 754 3198 heic
782 3109 825 3198 in
852 3097 1018 3194 censum
1046 3128 1130 3188 non
1158 3102 1319 3202 venire,
1348 3101 1417 3186 rel
1444 3129 1624 3194 menon
1651 3121 2180 3232 monente,quivisanim-

553 3221 782 3330 aduertit),
819 3211 1106 3306 concludimus
1135 3211 1361 3324 intrepide,
1398 3211 1540 3308 haecce
1576 3221 1783 3312 vocabula
1825 3255 2006 3344 peregre
2041 3237 2088 3326 dr
2118 3265 2178 3325 ex

553 3339 635 3426 alio
672 3335 871 3424 idiomate
907 3324 1110 3444 adoptata
1147 3319 1276 3410 iuille.
1349 3323 1433 3426 lta,
1471 3347 1519 3416 ut
1557 3359 1635 3416 nos
1674 3333 1826 3424 clarius
1863 3348 2179 3458 exprimamus,

583 3477 683 3536 uum
712 3443 812 3532 Ensw
832 3439 1058 3529 Summum
1095 3435 1341 3522 indicaturae
1375 3442 1547 3551 originis
1581 3441 1779 3536 Gothicae
1845 3477 1984 3558 entes,
2020 3460 2177 3569 Gutlu,

594 3575 676 3662 ort,
713 3555 809 3644 God
845 3547 1081 3666 proferant,
1117 3547 1409 3636 evidentiffime
1444 3553 1753 3666 concludimur,
1827 3565 2042 3662 vethicum
2083 3577 2183 3664 Gud
2252 3597 2253 3602 '

552 3698 750 3788 germane
777 3661 1007 3754 Gothicum
1035 3657 1136 3748 elle:
1185 3657 1250 3748 sed
1280 3659 1308 3754 fi
1337 3682 1384 3746 ut
1419 3661 1547 3772 synon
1582 3695 1698 3756 mum
1733 3673 1872 3765 adhuc
1906 3681 2179 3798 usurparetur

550 3792 593 3876 in
629 3782 804 3874 historiis
841 3773 1046 3879 issandicis
1085 3769 1234 3888 saepius
1271 3801 1497 3886 occurrens
1510 3691 1708 3892 „glumula
1744 3809 1817 3876 aut
1841 3781 2047 3904 ffubnzrl,
2084 3802 2179 3888 reli·
2252 3857 2253 3862 κ

550 3902 670 4016 quias
699 3895 844 4006 utique
873 3883 1190 3998 agnosceremus
1213 3883 1421 3974 idiomatis
1439 3885 1475 3977 F
1477 3895 1668 3982 canonici
1685 3893 1779 4014 Lap
1813 3905 1995 4009 onicive‚
2027 3911 2070 3996 in
2092 3943 2179 4030 quo

550 4011 680 4134 pleuo
709 4002 781 4091 usu
813 3999 1019 4112 hodieque
1046 3999 1203 4108 vigent.
1259 3993 1318 4086 Et
1338 4023 1467 4111 quum
1496 4027 1600 4116 gens
1627 4006 1741 4094 nulla
1769 3927 1816 4098 ill
1844 4033 1931 4100 tam
1959 4017 2051 4109 fera
2074 4047 2179 4124 tam·

581 4152 634 4209 ue
664 4119 859 4210 barbara,
887 4138 984 4225 quae
1013 4105 1157 4200 Deum
1185 4137 1270 4198 non
1299 4109 1513 4222 agnoscat,
1542 4115 1653 4202 nulla
1681 4123 1724 4208 in
1753 4120 1963 4239 loquendo
1995 4157 2086 4224 tam
2119 4142 2180 4225 in-

549 4153 665 4336 ians,
691 4256 788 4346 quae
814 4218 1067 4310 vocabulum
1095 4247 1179 4309 non
1209 4218 1375 4330 habeat,
1400 4250 1488 4338 quo
1508 4223 1680 4316 Numen
1695 4229 1900 4324 Divinum
1919 4243 2097 4352 indicet,
2119 4249 2140 4337 l
2157 4237 2180 4320 '-

551 4346 699 4464 spicari
727 4369 812 4426 non
840 4335 1004 4434 lubibit,
1034 4357 1094 4418 ex
1121 4329 1254 4418 aliena
1284 4330 1423 4446 lingua
1452 4333 1494 4422 id
1522 4343 1872 4457 vocisquaefitum
1900 4353 2013 4442 iville
2042 4359 2180 4450 homi·

440 4505 443 4512 ¹
538 4487 644 4570 nes,
674 4453 811 4542 sedin
839 4468 1024 4536 mentem
1052 4445 1194 4562 potius
1223 4447 1363 4532 veniet
1388 4447 1578 4556 credere,
1605 4477 1774 4566 gentem
1801 4459 1935 4572 illam,
1963 4473 2034 4557 cui
2060 4479 2180 4589 priva

2098 4590 2177 4696 est,
