4522 6072
534 511 2151 558 mmmmm—*⁸-
2234 498 2235 522 l

648 580 697 712 ln
714 574 895 689 Legibus
911 571 1046 704 Gotlrl.
1058 571 1236 700 Cap318.
1251 568 1291 684 5
1311 569 1570 770 nlerpuentia
1589 565 1787 686 legimus:
1817 547 1930 660 ebra
1940 571 2032 683 scal
2042 570 2170 662 barm.

538 708 741 822 nigratis
770 706 818 778 ut
834 703 1025 822 muman
1055 683 1217 784 bucrru,
1235 687 1356 816 ‘leggr
1381 713 1395 771 ι
1438 699 1555 884 agita,
1579 711 1630 815 ‘oc
1657 683 1740 789 ltufi
1758 684 1906 792 ncrfir.
1937 682 2059 817 Circa
2088 715 2159 772 vo-

540 839 633 900 cem
650 806 795 905 lterra,
812 793 1162 904 mrrumnonest,
1187 795 1415 882 srrucertus
1476 796 1610 903 aelerrt
1638 793 1812 900 Leilor,
1840 825 1971 910 quum
1987 795 2055 882 1lla
2081 825 2161 884 non

540 921 610 1010 nili
633 922 675 1004 in
699 943 747 1003 re
769 913 916 1000 rustica
942 910 995 997 de
1022 907 1144 1022 septis
1173 907 1350 996 ovilium
1383 907 1506 994 hodie
1533 903 1771 1022 usurpetur,
1807 935 1904 1024 quae
1927 905 2159 1023 significatio
2236 967 2237 970 κ

541 1033 684 1134 locum
712 1029 802 1128 heic
829 1021 1064 1110 nullatenus
1093 1021 1263 1106 invenit.
1327 1015 1492 1112 Verum
1520 1019 1609 1132 ejus
1639 1017 1794 1104 sensum
1823 1022 1944 1106 nobis
1976 1024 2161 1136 aperiunt

537 1143 681 1256 lingua
709 1140 745 1228 F
747 1141 892 1226 eunica
917 1133 1270 1332 Lapponicagre,
1299 1129 1342 1216 in
1370 1157 1549 1246 quarum
1580 1133 1711 1246 priori
1739 1127 1869 1236 lubio,
1897 1133 1937 1217 in
1967 1131 2161 1248 posterio-

543 1265 579 1346 ri
610 1251 736 1344 lulla
771 1274 900 1335 cunas
933 1246 1119 1336 denotat.
1218 1239 1335 1328 enlus
1363 1246 1504 1357 itaque
1543 1241 1663 1352 hujus
1696 1241 1950 1359 paragraphi
1992 1241 2056 1328 bic
2090 1246 2162 1330 est:

542 1371 680 1462 Uxor
706 1357 872 1452 infantis
904 1357 960 1443 lui
989 1380 1135 1443 curam
1163 1379 1282 1468 geret
1316 1353 1410 1470 post
1438 1351 1636 1469 quaelibet
1670 1357 1861 1442 convivia
1896 1351 2083 1470 publica,
2119 1353 2163 1440 il·

544 1488 631 1576 lum
664 1509 716 1564 ue
746 1473 858 1672 apud
884 1468 924 1559 le
952 1471 994 1556 in
1022 1469 1140 1553 cunis
1167 1463 1403 1552 collocabit.
1470 1463 1641 1554 Scilicet
1680 1467 1755 1552 bac
1786 1463 1878 1599 lege
1909 1493 2064 1554 cavere
2091 1494 2162 1554 vo

546 1601 623 1687 luit
680 1591 771 1702 egis
788 1607 900 1685 ator,
928 1610 980 1666 ne
1000 1607 1117 1664 uxor
1146 1576 1359 1693 pusronem
1390 1581 1431 1662 in
1463 1575 1569 1662 ledo
1593 1600 1742 1690 ponat,
1768 1579 1840 1664 ubr
1859 1580 2057 1682 maritus,
2079 1605 2164 1694 prae
2239 1583 2240 1590 ‘

547 1709 747 1802 ebrietate
776 1698 886 1784 sorte
915 1691 974 1784 lui
1002 1694 1162 1889 impos,
1198 1686 1318 1774 illum
1357 1686 1480 1776 facile
1510 1685 1713 1776 suffocare
1750 1687 1892 1806 pollet.
1960 1687 2166 1780 Hnnon·

547 1841 695 1913 nurus
726 1807 881 1898 lenium
909 1806 1029 1894 vocis
1083 1801 1184 1888 iente
1211 1801 1346 1915 probe
1376 1801 1598 1902 divinavit,
1627 1799 1761 1886 sedin
1790 1803 1939 1888 ceteris
1969 1821 2084 1888 tanto
2111 1806 2168 1888 in·

547 1933 713 2030 felicior
742 1926 950 2034 interpres
980 1913 1048 2002 est
1104 1911 1169 2000 lta
1195 1937 1303 2000 vero
1330 1909 1421 1998 ille:
1452 1909 1612 2016 Qninna
1634 1910 1724 2021 spui
1748 1907 1851 2002 burn
1879 1909 2008 2000 virdo
2033 1942 2092 2002 om
2114 1912 2168 2001 alt

549 2041 707 2143 driclu,
739 2035 830 2150 som
864 2025 949 2117 rhet
975 2023 1067 2138 skal
1082 2019 1288 2138 firtira,
1322 2019 1467 2138 iiggiu
1502 2023 1685 2136 ivugga
1721 2025 1792 2112 ocb
1829 2023 1959 2138 busun
1993 2023 2070 2112 uir
2096 2027 2167 2136 stg.

549 2151 754 2252 Turbavit
789 2144 880 2231 heic
906 2138 1265 2226 HAnonernum
1293 2157 1388 2224 vox
1416 2135 1619 2334 mungeri,
1654 2165 1754 2252 quae
1784 2140 1823 2226 in
1853 2135 2040 2250 Legibus
2070 2143 2168 2224 anti·

550 2275 644 2389 quis
674 2277 872 2351 nontam
903 2270 1073 2367 potum,
1101 2277 1228 2364 quam
1263 2272 1412 2364 potum
1446 2251 1514 2336 ine
1543 2251 1739 2352 rientem,
1776 2247 2002 2336 infantibus
2031 2253 2168 2364 utiquc

551 2413 637 2474 non
664 2365 960 2511 praebendum,
993 2361 1181 2462 denotat,
1217 2387 1314 2476 quae
1346 2388 1398 2448 ue
1433 2358 1525 2445 heic
1560 2387 1639 2490 per
1675 2359 1977 2476 compendium,
2008 2367 2172 2478 ponitur

587 2523 635 2584 ro
663 2485 756 2590 rllo,
795 2475 909 2596 quod
938 2473 1092 2600 habent
1117 2469 1247 2584 Leges
1343 2471 1486 2582 estrog.
1511 2469 1628 2586 Grpe.
1644 2469 1697 2560 B.
1722 2471 1827 2588 Cap.
1842 2472 1916 2562 Ill.
1943 2471 1989 2564 dr
2016 2473 2171 2586 Ostrog.

554 2525 597 2698 5.
610 2626 640 2693 t.
664 2625 755 2714 cap.
773 2609 811 2704 8.
839 2602 1038 2699 mungens
1054 2586 1172 2673 tader.
1235 2581 1324 2673 Sed
1356 2611 1487 2698 quum
1516 2612 1570 2671 ne
1597 2583 1653 2671 ilc
1678 2585 1847 2699 quidem
1875 2610 1946 2671 res
1978 2585 2070 2672 latis
2099 2615 2173 2673 ex-

555 2721 709 2840 plicata
737 2701 908 2796 Leilori
940 2727 1039 2786 meo
1066 2695 1181 2784 forte
1209 2695 1423 2800 videatur,
1459 2694 1629 2798 addam,
1657 2695 1769 2814 apud
1802 2697 1985 2809 majores
2014 2697 2174 2786 nostros

556 2852 652 2924 ante
682 2817 895 2934 religionis
923 2807 1267 2898 reformationem
1293 2810 1336 2894 in
1368 2805 1442 2894 ul'u
1468 2805 1583 2895 soille
1600 2810 1676 2894 xita
1706 2807 1832 2896 dicias
1860 2807 2174 2896 confraternita-

421 3015 427 3024 .
555 2969 621 3035 tes
647 2937 782 3056 sacrps
814 2927 861 3017 dt
888 2923 990 3010 stata
1015 2921 1215 3010 convivia
1241 2917 1408 3036 publica
1437 2915 1567 3010 Gillcn
1594 2917 1723 3022 diiia,
1753 2919 1805 3006 ad
1835 2945 1955 3036 quae,
1987 2925 2060 3038 qui
2087 2921 2177 3009 huic

556 3050 745 3148 sodalitio
772 3037 941 3129 nomina
970 3031 1189 3135 dederant,
1223 3049 1289 3121 ter
1315 3029 1504 3146 quolibet
1538 3057 1649 3152 anno
1684 3053 1938 3140 convenere,
1977 3039 2176 3149 proximo

557 3147 1061 3361 ”mlzsb‘aillltt
1079 3141 1244 3342 abb
1274 3141 2177 3374 θῦΐηέἷῗιέῗέῖἑέἷίἑῗὲ“530555ἱέ5

557 3305 808 3504 {ledgregau
834 3369 978 3478 client,
1004 3369 1170 3482 agmine
1190 3369 1233 3458 in
1255 3363 1461 3482 templum
1484 3283 1773 3471 tambitanae
1797 3365 1979 3457 solennia
1999 3369 2182 3460 celebra·

436 3507 438 3512 '
560 3509 664 3609 turi,
695 3504 821 3610 inque
847 3512 969 3576 auras
997 3486 1181 3572 abiturus
1215 3509 1363 3622 preces
1401 3511 1479 3600 pro
1515 3479 1807 3572 defune‘iorum
1841 3488 2079 3574 amicorum
2112 3513 2180 3575 ne·

559 3619 824 3718 cellariorum
854 3633 909 3692 ue
936 3602 1082 3718 requie
1106 3599 1254 3702 fusun,
1284 3597 1331 3690 dt
1345 3597 1495 3688 deinde
1523 3601 1568 3688 in
1590 3600 1730 3688 aedem
1756 3601 1851 3688 huic
1873 3591 2104 3693 conventui
2125 3605 2183 3692 di·

562 3765 701 3832 catam
724 3633 1002 3843 giiedufwas
1028 3715 1181 3806 dicium
1209 3715 1249 3804 le
1276 3715 1457 3806 universi
1481 3713 1764 3808 conferebant
1820 3716 1903 3824 lbi,
1932 3721 2038 3810 dum
2054 3707 2183 3814 “mens

562 3859 661 3950 sana
689 3855 732 3938 in
759 3863 942 3956 corpore
969 3833 1157 3922 nondum
1184 3829 1302 3921 ebrio
1329 3855 1441 3934 erat,
1476 3831 1570 3921 lites
1603 3833 1712 3922 inter
1746 3835 1905 3926 sodales
1940 3837 2039 3956 post
2070 3839 2185 3960 iupe-

563 3979 721 4066 riorem
756 3971 1014 4046 conventum
1048 3971 1157 4038 ortae
1189 3949 1574 4064 componebantur,
1610 3947 1657 4038 ἃ
1681 3949 1712 4039 li
1739 3956 1834 4070 quis
1868 3953 1976 4044 lilius
2013 3955 2186 4050 habebut

565 4084 747 4182 nubiles,
774 4071 856 4162 illis
876 4067 1145 4160 conditiones
1178 4067 1493 4181 quaerebantur,
1528 4071 1631 4184 quid
1659 4069 1768 4164 dotis
1796 4071 1966 4162 daretur
2002 4081 2186 4168 enuntia·
2226 4156 2230 4168 ,

563 4213 703 4302 baur,
731 4193 777 4284 br
805 4190 1046 4304 nuptiarum
1074 4205 1241 4300 tempus
1275 4181 1585 4274 condicebutur.
1636 4185 1720 4277 His
1748 4189 1947 4306 perutilis,
1972 4183 2100 4286 coena
2117 4193 2188 4284 in.

565 4320 800 4418 ffluebutur
829 4299 999 4420 lingulis
1027 4299 1141 4388 luam
1166 4296 1396 4411 symbolam
1425 4295 1696 4392 afferentibus
1724 4305 1771 4398 δι
1796 4309 2063 4427 compotatio
2093 4313 2189 4404 stre·

565 4471 648 4537 nue
667 4423 910 4546 occipiebat.
966 4413 1173 4508 Bibebant
1198 4433 1289 4506 tuor
1316 4412 1508 4536 religiose
1533 4417 1747 4512 helumtes
1771 4421 2046 4540 inhonorem
2071 4431 2190 4544 (nun-

1737 4667 1739 4674 Ϋ
1831 4615 1876 4700 .
2088 4553 2190 4657 uel)
