4522 6072
363 509 367 517 ,
507 459 558 548 s
1093 464 1529 554 NRAEFATIQ

512 553 2137 622 &mmmm-Am

509 627 665 729 absque
696 619 938 726 ambagibus
969 624 1075 700 inter
1102 619 1351 730 Lappones,
1378 622 1469 728 qui,
1497 647 1542 700 ut
1567 649 1590 704 a
1620 621 1956 736 Lexicograprhis
1987 632 2137 708 nol'tris

509 728 752 813 adnotatum
782 727 920 829 video,
950 728 1057 812 idenr
1090 727 1240 814 animal
1271 729 1419 812 eodem
1444 733 1612 816 nomine
1633 758 1757 842 znnrg
1777 755 2037 866 nuncupant,
2064 763 2138 819 ne-

508 839 591 926 scio
622 871 672 926 an
703 869 728 927 a
759 839 913 954 pedum
946 842 1206 952 pernicitate,
1247 867 1371 952 marg
1400 844 1513 926 enim
1548 846 1590 927 in
1622 844 1696 930 hae
1724 845 1865 957 lingna
1893 865 1978 932 etto
2007 847 2139 934 deno·

511 977 622 1058 tare,
651 953 805 1040 ibidem
832 952 1017 1038 docetur.

443 1195 454 1210 ,
631 1095 670 1186 T
665 1095 711 1185 ol
744 1095 854 1214 apud
885 1123 963 1181 nos
992 1093 1161 1183 stultum
1191 1095 1217 1182 fi
1252 1093 1407 1202 nificat,
1436 1095 1615 1210 toliglut
1643 1096 1865 1190 stultitiam.
1922 1099 2042 1189 Tuli
2072 1123 2138 1190 to-

511 1234 603 1301 turn
634 1213 924 1328 peragraveris
961 1212 1108 1296 orbem
1146 1124 1393 1312 Gollricum,
1423 1209 1526 1296 licet
1563 1239 1653 1296 rem
1688 1213 1863 1328 ubique,
1897 1215 1959 1300 rei
1995 1233 2138 1302 tamen

512 1353 667 1412 nomen
698 1323 780 1412 huc
809 1321 997 1408 alludens
1030 1351 1115 1406 non
1144 1323 1342 1436 reperies,
1416 1321 1488 1408 Est
1518 1351 1624 1409 vero
1651 1321 1735 1412 hoc
1762 1327 1890 1412 etiam
1917 1323 2137 1442 Lapponi-

512 1443 591 1526 bus
620 1437 857 1552 Fennisque
886 1433 1167 1520 domesticum.
1234 1435 1293 1518 Hi
1322 1437 1433 1519 enim
1467 1433 1632 1522 fatuum
1659 1435 1772 1524 tolno
1801 1463 1856 1552 ap
1889 1434 2033 1539 ellant,
2074 1439 2136 1529 illi

513 1549 625 1666 tujol
656 1573 780 1664 atque
808 1543 956 1661 taifok,
991 1547 1105 1662 quod
1134 1545 1338 1660 posterius
1372 1545 1502 1634 refert
1530 1546 1765 1636 Svecanum
1801 1567 1885 1637 loe
1913 1549 1960 1640 δι
1985 1566 2027 1639 to
2057 1579 2136 1664 ng,

513 1667 680 1783 quaein
709 1659 975 1748 inferioribus
1003 1661 1153 1775 patriae
1181 1661 1420 1772 regionibus
1450 1659 1494 1748 dt
1524 1660 1637 1775 apud
1666 1659 1815 1748 Dauos
1844 1662 2040 1752 blennnm
2068 1664 2139 1751 vel

513 1801 644 1865 motae
666 1777 817 1862 mentis
845 1773 1058 1882 hominem
1087 1769 1323 1884 fignificant.
1380 1767 1571 1860 Vocatur
1599 1772 1710 1863 idem
1739 1772 1851 1889 apud
1878 1801 1958 1860 nos
1985 1775 2140 1890 tdlptr:

512 1891 643 1994 unde,
671 1889 743 1974 nist
773 1915 797 1972 a
826 1884 1083 2000 Lapponum
1113 1881 1214 1996 telpn
1236 1883 1359 1994 jocus
1386 1883 1598 1999 ineptior?

625 2031 745 2121 Illam
774 2032 966 2144 corporis
995 2025 1167 2116 humani
1196 2049 1379 2142 partem,
1415 2055 1512 2142 quae
1541 2025 1653 2114 collo
1683 2029 1879 2144 contigua
1907 2027 1983 2134 est,
2015 2029 2138 2142 flul!-

513 2151 615 2237 dror
643 2143 925 2260 appellamus,
960 2141 1141 2252 majores
1169 2139 1422 2226 veronostri
1451 2141 1496 2228 δι
1527 2140 1660 2226 adhuc
1696 2141 1894 2228 ruricolae
1921 2145 2140 2233 variarum

512 2261 826 2380 provinciarum
853 2251 982 2357 hurd,
1009 2251 1183 2339 lurdar.
1245 2249 1369 2338 Prior
1398 2252 1677 2340 denominatio
1706 2251 1927 2340 certillime
1954 2251 2139 2346 Gothica

514 2373 590 2462 est:
621 2373 691 2460 An
723 2365 969 2456 loSaxones
992 2367 1104 2450 enim
1124 2362 1304 2477 sculdir,
1320 2362 1489 2478 stultior
1509 2364 1679 2468 dixere,
1699 2365 1922 2454 Alemanni
1937 2365 2138 2482 scultirr,

513 2484 642 2598 Angli
661 2397 878 2595 fluvido,
905 2477 1109 2564 Germani
1128 2475 1320 2590 sclulttr.
1363 2477 1532 2563 'Altera
1563 2505 1668 2562 vero
1697 2477 1922 2594 appellatio
1950 2482 1992 2564 in
2021 2479 2139 2569 nulla

454 2673 457 2678 .
512 2599 820 2686 nominatarum
847 2591 1083 2704 linguarum
1110 2589 1357 2705 quidquam,
1391 2589 1505 2704 quod
1534 2587 1760 2703 analogum
1784 2588 1849 2691 fit,
1871 2587 2016 2678 offert:
2056 2611 2139 2681 nec

508 2709 634 2822 facile
663 2706 773 2794 illius
801 2734 853 2791 co
883 2707 1096 2788 nationem
1124 2703 1333 2804 invenies,
1361 2717 1584 2816 antequam
1614 2699 1935 2816 adLapponum
1954 2705 2140 2822 mapalia

510 2823 798 2942 perveniatur,
826 2732 897 2902 udi
927 2815 1123 2901 humeros
1152 2811 1280 2900 lardo
1309 2813 1511 2930 appellari
1540 2814 1702 2916 audies,
1737 2815 1976 2900 testantibus
1996 2817 2132 2904 Lexi-

434 2923 443 2940 ’
512 2931 737 3051 cographis
763 2927 926 3016 nostris.
982 2923 1182 3014 Occurrit
1209 2929 1470 3012 nominatum
1500 2924 1615 3014 dard
1641 2929 1680 3011 in
1712 2931 1916 3014 concinno
1943 2927 2136 3036 tractatu,

510 3047 721 3158 Konungu
734 3041 899 3156 styrilse
928 3038 1037 3126 diuo
1065 3065 1160 3154 pag.
1179 3054 1263 3150 198.
1298 3040 1390 3139 ubi,
1410 3067 1512 3123 cum
1539 3038 1802 3125 recensentur
1831 3060 1947 3126 notae
1983 3041 2134 3129 chara·

512 3159 726 3249 ueristieae
752 3153 902 3241 strenui
932 3152 1093 3248 militis,
1112 3153 1220 3236 inter
1239 3148 1318 3236 alia
1338 3152 1531 3251 docetur,
1560 3151 1625 3240 tlte
1644 3150 1760 3262 skulu
1789 3148 1893 3236 latu
1917 3147 2006 3242 bret
2024 3150 2138 3267 brpst

512 3273 560 3362 ok
589 3270 749 3372 lurda,
783 3271 809 3353 i.
827 3297 863 3354 e.
892 3265 1044 3352 debent
1071 3261 1227 3350 habere
1256 3261 1385 3350 latum
1415 3261 1561 3378 petius
1590 3263 2043 3378 humerosque,tqnam
2070 3265 2136 3358 ule

510 3391 658 3475 rimam
688 3407 852 3480 vocem,
875 3409 957 3464 non
993 3375 1086 3462 latis
1120 3373 1355 3489 intelligens
1382 3378 1589 3490 interpres
1624 3374 1777 3466 latinus
1811 3379 1954 3465 vertit:
1994 3376 2134 3470 debent

511 3497 657 3588 lubere
679 3491 829 3610 pullus·
850 3491 988 3606 latum„
991 3489 1250 3601 firmumque,
1289 3487 1400 3602 quafi
1430 3488 1480 3574 ad
1510 3483 1632 3592 aare,
1669 3489 1823 3589 durus,
1860 3485 2136 3580 referendam.

512 3609 609 3708 Sed
633 3607 754 3696 facile
789 3603 1160 3705 animadvertitur,
1198 3598 1280 3685 hoc
1315 3599 1426 3688 l'enlu
1463 3597 1586 3692 tarn
1619 3603 1707 3689 non
1744 3601 1883 3692 lurda
1917 3607 2135 3720 requirere

509 3723 568 3814 lin
598 3751 667 3810 uae
722 3722 875 3809 eninm.

569 3749 735 3954 gCurgn
763 3863 997 3981 permixtio
1024 3857 1106 3948 Lin
1138 3887 1207 3944 uae
1227 3854 1424 3946 Gothicae
1452 3885 1549 3945 cunr
1575 3857 1823 3976 Lapponica
1851 3881 1948 3948 ante
1975 3859 2136 3950 duode-

501 3985 558 4072 ui
588 3983 661 4068 inti
689 3974 830 4066 secula
849 3977 1071 4089 inceperit,
1173 3971 1316 4086 pollea
1346 3973 1484 4084 magis
1510 4001 1578 4056 ma
1610 3975 1730 4087 isque
1757 3971 1998 4077 invaluerit,
2027 4001 2135 4091 pro-

500 4011 649 4184 ualde
674 4091 749 4194 est,
774 4085 971 4202 reliquias
999 4083 1122 4196 hujus
1149 4085 1192 4168 in
1217 4081 1436 4171 Gothismo
1465 4113 1518 4170 eo
1546 3999 1690 4200 pllrres
1716 4087 1933 4179 inventum
1958 4087 2028 4190 iri,
2045 4117 2135 4202 quo

361 4213 363 4220 ’
511 4207 635 4295 altius
662 4207 704 4290 in
734 4202 945 4317 superiora
981 4215 1177 4310 tempora
1213 4193 1507 4284 adscendimus.
1569 4195 1629 4284 Et
1662 4219 1735 4284 ant
1769 4195 1912 4301 fallor,
1947 4219 2136 4289 autnon

510 4320 608 4410 leve
626 4333 888 4404 momentum
902 4313 989 4422 jam
1011 4307 1148 4396 allatis
1167 4307 1361 4411 addetur,
1383 4307 1412 4393 sr
1434 4307 1673 4414 ostendero,
1699 4307 1880 4425 plurima
1908 4313 2136 4422 vocabula,

511 4460 610 4547 quae
627 4433 670 4518 in
688 4427 898 4542 ¹ueteribus
912 4423 1076 4537 Legum
1093 4419 1245 4508 tabulis
1263 4418 1438 4536 aliisque
1458 4421 1585 4509 medii
1608 4424 1691 4508 aevi
1713 4421 1789 4509 seri
1822 4424 1875 4517 tis
1894 4449 2134 4536 occurrunt,

499 4543 676 4642 ,aliunde
692 4569 819 4659 quam
838 4565 897 4628 ex
908 4536 1076 4652 Lingua
1089 4534 1127 4626 F
1127 4531 1513 4651 enno-Lapponum
1525 4537 1682 4624 certius
1696 4447 1892 4652 illulllari
1904 4565 1991 4628 non
2003 4537 2134 4742 polped
