4522 6072
567 409 683 497 arie
1159 399 1608 488 PRAEPATIO.

570 521 747 643 lesccnte
757 557 956 749 ¹potentia
970 541 1152 638 Gothica
1175 553 1300 636 etiam
1319 552 1415 637 inde
1437 519 1586 640 erarii·
1599 553 1738 654 suere,
1756 551 1801 642 δι
1817 553 1981 664 longius
2002 553 2171 668 longius·

570 691 655 780 que
681 661 756 781 pul
793 689 811 778 ,U
832 661 967 748 donee
994 661 1045 746 ad
1069 660 1225 746 steriles
1251 659 1445 794 scopulos
1475 660 1745 780 &inhospita
1762 662 1934 754 „ultimae
1963 663 2174 752 Scandira-

569 782 654 864 viae
677 796 741 864 tes
771 801 826 862 ua
844 789 1114 890 penetratum
1135 769 1233 873 suit,
1260 773 1332 859 ubr
1353 769 1429 874 nil,
1445 774 1559 886 quod
1583 775 1662 860 illis
1690 775 1961 874 invideretur,
1979 772 2173 890 superfuit.

567 803 796 978 ¹Probablle
822 909 928 970 vero
960 883 1039 985 est,
1073 911 1171 972 cum
1200 881 1294 972 haec
1321 887 1520 996 migratio
1552 883 1692 974 sensim
1724 886 1771 976 dt
1803 886 2052 1000 pedetentim
2079 886 2175 974 salia

570 997 954 1114 sueriusuperiorts
968 993 1133 1084 Sveciae
1155 1016 1314 1110 partes,
1358 1021 1433 1082 uas
1449 995 1704 1108 Aborigines
1722 995 1955 1096 coluerant,
1975 998 2175 1110 antiquum
2224 1062 2229 1068 -

570 1109 763 1202 Suioniae
792 1136 948 1196 nomen
979 1103 1172 1210 servasse,
1199 1022 1357 1194 eriamll
1386 1100 1537 1212 Gothi,
1571 1104 1728 1222 priscos
1760 1105 1991 1224 transgresli
2018 1105 2175 1212 limites,

569 1223 740 1312 easdem
762 1219 820 1309 sui
840 1221 945 1332 juris
968 1217 1165 1312 fecerant.
2058 1233 2061 1242 ·

569 1446 570 1450 t
620 1425 624 1432 -
683 1363 858 1458 Svionia
888 1364 1029 1476 itaque
1051 1357 1129 1446 suit
1151 1357 1222 1446 illa
1245 1353 1536 1448 Scandrnaviae
1563 1385 1663 1478 pars
1688 1357 1894 1476 superior,
1923 1378 2046 1472 quam
2070 1359 2177 1446 Abo-

563 1480 731 1595 rigines
750 1477 943 1593 primitus
970 1493 1211 1575 temrerant,
1229 1469 1337 1557 fadla
1358 1475 1467 1558 inter
1489 1469 1585 1559 illos
1602 1471 1647 1561 dt
1665 1469 1899 1564 Odinianos
1925 1473 2007 1558 sive
2021 1469 2176 1563 Gothos

560 1591 816 1710 partitione,
845 1613 979 1702 eaque
1008 1587 1172 1688 ratione
1202 1584 1384 1670 extitere
1414 1581 1498 1670 duo
1529 1581 1781 1670 diversarum
1818 1585 2005 1696 gentium
2041 1611 2178 1695 regna,

445 1719 448 1726 '
564 1731 669 1828 ,quae
694 1723 834 1788 tamen
855 1696 999 1814 postea
1023 1691 1141 1812 pulsa
1166 1691 1300 1784 altera
1319 1695 1491 1780 unicum
1514 1695 1738 1812 imperium
1762 1694 2022 1810 constituere.

566 1904 593 1924 ‚a
683 1842 847 1935 Notatu
866 1866 956 1927 non
983 1838 1198 1952 indignum
1227 1837 1425 1940 arbitror,
1452 1857 1631 1926 exteros
1651 1835 1747 1928 Scri
1780 1858 1894 1924 tores
1916 1837 2180 1951 antiquiores,

528 2043 532 2050 ,
569 1959 673 2050 dunt
694 1951 936 2046 Gothorum
959 1952 1249 2064 migrationes,
1280 1945 1446 2066 praelia,
1475 1947 1710 2066 triumphos
1800 1975 1870 2034 res
1894 1948 2027 2062 gestas
2049 1951 2089 2034 in
2117 1973 2179 2060 ge·
2240 1957 2241 2052 i

562 2099 671 2180 nere
690 2067 909 2182 diligenter
936 2078 1290 2164 commemorant,
1319 2057 1505 2148 Suionas
1529 2089 1581 2146 ne
1603 2063 1732 2146 verbo
1763 2059 1932 2176 quidem
1956 2061 2180 2162 nominare,
2240 2053 2241 2138 l

503 2193 508 2200 ’
569 2181 600 2270 fi
621 2181 673 2270 ab
695 2206 783 2266 uno
808 2169 1099 2262 distassetimus
1122 2167 1384 2260 Coaunnro
1409 2169 1623 2274 Tacrro,
1651 2175 1723 2287 qui
1748 2192 1886 2257 tamen
1912 2169 2081 2256 illorum
2104 2195 2181 2254 nnn

564 2314 660 2405 ,tant
674 2288 898 2390 historiam,
917 2286 1045 2400 quam
1060 2309 1203 2370 mores
1219 2279 1462 2371 &instituta
1482 2282 1686 2377 recenset.¹
1734 2281 1834 2372 Scio
1854 2281 2061 2414 equidem,
2074 2281 2180 2393 Jou-

570 2429 796 2518 ntaununt
816 2401 924 2484 inter
947 2417 1109 2482 ceteros
1126 2391 1322 2482 Scanziae
1344 2394 1529 2510 populos
1551 2391 1763 2481 Sorthidar
1784 2419 2023 2494 nominare3
2051 2391 2115 2480 sed
2137 2419 2181 2475 an

427 2621 432 2626 .
463 2585 487 2598 ..
567 2511 776 2636 parisios
806 2507 1041 2598 universam
1072 2501 1285 2595 Suionum
1317 2526 1487 2620 gentem
1518 2504 1789 2608 intellexerit,
1825 2531 1951 2620 aeque
1974 2505 2033 2592 est
2059 2507 2181 2590 incer·

571 2635 682 2730 tum,
708 2627 759 2712 a'e
788 2635 926 2709 cetera
956 2619 1045 2730 ejus
1072 2621 1298 2732 aenigrnata
1329 2612 1677 2732 chorographica.
1744 2615 1791 2706 Si
1819 2618 1907 2727 jam
1935 2615 2181 2732 quaesrveris‚

570 2741 649 2827 o'ur
678 2735 891 2828 Suionum
906 2744 1068 2816 nomen
1098 2728 1205 2816 adeo
1228 2731 1271 2813 in
1300 2725 1478 2814 obscuro
1505 2727 1686 2833 latuerit,
1716 2731 1823 2816 ratio
1848 2729 1938 2812 c'us
1965 2727 2059 2812 haec
2079 2723 2192 2812 forte.

563 2849 691 2940 reddi
708 2848 873 2964 poterit.
912 2839 1143 2954 Vidimus,-
1163 2839 1206 2926 id
1222 2838 1373 2954 quodi
1406 2838 1445 2926 se
1458 2861 1640 2927 eventus
1665 2839 1825 2942 docuit,
1854 2757 2043 2929 Aviones
2060 2865 2085 2924 a
2102 2835 2193 2936 Gn·-

567 2966 656 3053 this
681 2955 958 3070 inangustire
984 2950 1174 3040 redadlos
1197 2949 1339 3038 versus
1398 2979 1543 3038 oream
1570 2951 1737 3065 longius
1759 2951 1926 3064 longius
1954 2979 2012 3041 ue
2035 2947 2185 3061 relega·

433 3105 437 3108 ·
569 3097 641 3168 tos
661 3065 794 3171 suill'e,
813 3067 927 3182 quod
949 3065 1032 3153 sine
1055 3061 1248 3180 opposita
1268 3067 1310 3148 vi
1330 3061 1421 3148 lieri
1442 3069 1586 3178 utique
1601 3091 1688 3152 non
1713 3065 1860 3179 potuit
1917 2976 2033 3170 Gom
2054 3065 2184 3173 itaque

562 3188 739 3278 §namra
764 3205 908 3268 rurum
929 3173 974 3265 hl
997 3173 1247 3289 satagerent,
1262 3174 1309 3264 br
1332 3176 1506 3290 perinde
1529 3201 1580 3262 ac
1602 3203 1751 3262 eorum
1772 3171 1946 3291 posteri,
1962 3171 2059 3290 Lap
2091 3192 2185 3258 ones

569 3296 780 3396 hodierni,
800 3289 959 3378 bellicis
979 3286 1320 3404 exped'nionibun
1345 3283 1454 3374 haud
1473 3285 1586 3374 sorte
1606 3287 1794 3403 aptiihmi
1817 3283 1963 3388 essent,
1978 3314 2038 3372 ex
2055 3281 2185 3400 pedit,

568 3415 609 3500 ri
630 3404 898 3606 surreptionis,
919 3421 967 3488 ut
988 3424 1109 3488 arma
1139 3397 1210 3486 sua
1231 3396 1425 3488 aliorsum
1456 3399 1723 3486 circumferre
1747 3419 1818 3485 aut
1844 3395 2017 3485 militari
2030 3399 2186 3486 'virtute

523 3521 703 3616 ''inclat
742 3543 844 3604 cere·
862 3510 1030 3602 vellent.
1087 3507 1237 3614 Gothi,
1257 3511 1409 3624 quibus
1429 3503 1625 3598 successus
1651 3513 1813 3600 animos
1837 3507 2012 3614 dedere,
2041 3509 2187 3624 quique

571 3634 783 3743 majorum
803 3617 1041 3713 celebritate
1062 3622 1118 3712 ad
1138 3622 1263 3710 sortia
1283 3619 1377 3708 ausa
1399 3619 1732 3726 stimulabantur,
1762 3624 2044 3736 pugnaciores
2068 3637 2187 3716 erant,

570 3739 730 3836 etiamsi
753 3767 839 3826 non
861 3761 1025 3851 negem,
1046 3729 1202 3821 Gothis
1226 3732 1473 3820 nostratibus
1495 3733 1539 3822 id
1564 3731 1675 3852 saepe
1698 3735 1842 3846 tribui,
1869 3733 1987 3850 quod
2012 3727 2197 3822 Tanaitis

565 3861 637 3964 nia
660 3855 802 3952 uerius
827 3849 1117 3963 adsignaretur.
1142 3893 1145 3899 ,
1174 3843 1266 3948 Tu,
1290 3841 1466 3950 Lettor,
1742 3865 1748 3906 ³

566 4025 572 4034 -
907 4003 945 4026 ·-
1011 4011 1032 4032 -
1115 3953 1165 4044 Si
1189 3956 1293 4071 quid
1315 3955 1430 4044 noris
1457 3952 1604 4046 redditis
1624 3953 1750 4080 istis,
1909 3989 1910 3992 Ν

240 4181 253 4192 .
471 4173 473 4178 ¹
643 4074 680 4162 t'
761 4013 1182 4186 Cdndidtrsirrprrtt’,
1201 4069 1241 4177 st
1267 4097 1363 4174 nort,
1391 4067 1455 4156 stis
1483 4065 1596 4184 utere
1620 4095 1789 4196 martra..

347 4217 350 4224 ’
564 4235 574 4250 ’
645 4257 650 4273 ’
685 4215 936 4310 Obseruauit
953 4213 1061 4303 haud
1079 4213 1203 4300 dubie
1222 4209 1377 4300 letior
1395 4239 1534 4317 meua,
1560 4239 1631 4300 me
1653 4205 1888 4328 promiscue
1904 4203 2074 4327 linguas
2089 4207 2197 4312 Fen-1

573 4318 769 4426 ironicam
798 4330 1170 4460 Lapponicanr'que
1197 4325 1239 4456 in
1275 4323 1492 4412 subhdium
1520 4351 1698 4426 vocare,
1724 4323 1867 4440 quod,
1888 4347 2202 4439 quantumcun,

572 4475 658 4578 que
684 4441 769 4538 illae
793 4444 881 4558 jani
913 4432 1077 4546 ditent,
1110 4458 1325 4526 neminem-
1348 4433 1563 4528 offendere
1589 4435 1731 4542 debet,
1766 4453 1865 4525 cum
1890 4462 1979 4526 non
2009 4435 2194 4634 obstapge
